<record><leader>00000cas a22000007a 4500</leader><controlfield tag="001">9703889</controlfield><controlfield tag="008">830714d18721881mauwr ne      0    0eng d</controlfield><datafield ind1=" " ind2=" " tag="010"><subfield code="a">sn 83021000 </subfield></datafield><datafield ind1=" " ind2=" " tag="040"><subfield code="a">NPX</subfield><subfield code="b">eng</subfield><subfield code="c">NPX</subfield><subfield code="d">NPU</subfield><subfield code="d">DLC</subfield><subfield code="d">OCLCQ</subfield></datafield><datafield ind1=" " ind2=" " tag="042"><subfield code="a">msc</subfield></datafield><datafield ind1=" " ind2=" " tag="043"><subfield code="a">n-us-ma</subfield></datafield><datafield ind1="0" ind2="0" tag="050"><subfield code="a">Newspaper 8160-X</subfield></datafield><datafield ind1="0" ind2="0" tag="245"><subfield code="a">Franklin register, and Norfolk County journal.</subfield></datafield><datafield ind1=" " ind2=" " tag="260"><subfield code="a">Franklin, Mass. :</subfield><subfield code="b">James M. Stewart</subfield></datafield><datafield ind1=" " ind2=" " tag="300"><subfield code="a">v. ;</subfield><subfield code="c">66 cm.</subfield></datafield><datafield ind1=" " ind2=" " tag="310"><subfield code="a">Weekly</subfield></datafield><datafield ind1="1" ind2=" " tag="362"><subfield code="a">Began in 1872.</subfield><subfield code="z">Cf. Rowell, 1873.</subfield></datafield><datafield ind1="1" ind2=" " tag="362"><subfield code="a">Ceased in 1881.</subfield><subfield code="z">Cf. A.E. Foss &amp; Co.'s Hist. and direct. of Franklin, Mass. for 1890, 1890.</subfield></datafield><datafield ind1=" " ind2=" " tag="500"><subfield code="a">Publisher: J.M. Stewart, &lt;1873, 1876&gt;.</subfield></datafield><datafield ind1=" " ind2=" " tag="500"><subfield code="a">Editors: J.M. Stewart, &lt;1876&gt;; H.F. Stewart, &lt;1876&gt;.</subfield></datafield><datafield ind1=" " ind2=" " tag="580"><subfield code="a">Continues: Franklin register (non-extant?). Cf. Rowell &amp; Co.'s Amer. newspaper direct., 1873-1875, 1877.</subfield></datafield><datafield ind1=" " ind2=" " tag="580"><subfield code="a">Published &lt;1876&gt; from same office: Foxboro journal; Medway journal; Walpole standard, and county chronicle; Wrentham recorder, and county register. Cf. Rowell &amp; Co.'s Amer. newspaper direct., 1877.</subfield></datafield><datafield ind1=" " ind2=" " tag="588"><subfield code="a">Description based on: Vol. 1, no. 27 (Apr. 11, 1873).</subfield></datafield><datafield ind1="1" ind2=" " tag="700"><subfield code="a">Stewart, James M.</subfield></datafield><datafield ind1="1" ind2=" " tag="700"><subfield code="a">Stewart, Henry F.</subfield></datafield><datafield ind1=" " ind2=" " tag="752"><subfield code="a">United States</subfield><subfield code="b">Massachusetts</subfield><subfield code="c">Norfolk</subfield><subfield code="d">Franklin.</subfield></datafield><datafield ind1="1" ind2="0" tag="780"><subfield code="t">Franklin register</subfield></datafield><datafield ind1="1" ind2=" " tag="787"><subfield code="t">Foxboro journal</subfield><subfield code="w">(DLC)sn 83020079</subfield></datafield><datafield ind1="1" ind2=" " tag="787"><subfield code="t">Medway journal</subfield><subfield code="w">(DLC)sn 83020578</subfield></datafield><datafield ind1="1" ind2=" " tag="787"><subfield code="t">Walpole standard, and county chronicle</subfield><subfield code="w">(DLC)sn 83020813</subfield></datafield><datafield ind1="1" ind2=" " tag="787"><subfield code="t">Wrentham recorder, and county register</subfield><subfield code="w">(DLC)sn 83020864</subfield></datafield><datafield ind1="1" ind2=" " tag="029"><subfield code="a">AU@</subfield><subfield code="b">000025799746</subfield></datafield></record>